<record><leader>00000cas a2200000 a 4500</leader><controlfield tag="001">16836693</controlfield><controlfield tag="008">871009d198720uuiluwr ne      0   a0eng c</controlfield><datafield ind1=" " ind2=" " tag="010"><subfield code="a">sn 87003927 </subfield></datafield><datafield ind1=" " ind2=" " tag="040"><subfield code="a">NSD</subfield><subfield code="b">eng</subfield><subfield code="c">NSD</subfield><subfield code="d">CVF</subfield><subfield code="d">OCLCQ</subfield><subfield code="d">NVF</subfield><subfield code="d">OCLCF</subfield><subfield code="d">NVF</subfield><subfield code="d">OCLCO</subfield></datafield><datafield ind1=" " ind2=" " tag="012"><subfield code="m">1</subfield></datafield><datafield ind1="1" ind2=" " tag="022"><subfield code="a">0895-8572</subfield><subfield code="l">0895-8572</subfield><subfield code="2">1</subfield></datafield><datafield ind1="1" ind2=" " tag="029"><subfield code="a">AU@</subfield><subfield code="b">000020487402</subfield></datafield><datafield ind1=" " ind2=" " tag="032"><subfield code="a">211080</subfield><subfield code="b">USPS</subfield></datafield><datafield ind1=" " ind2=" " tag="042"><subfield code="a">pcc</subfield></datafield><datafield ind1=" " ind2=" " tag="043"><subfield code="a">n-us-il</subfield></datafield><datafield ind1=" " ind2="0" tag="222"><subfield code="a">Lake Zurich enterprise</subfield></datafield><datafield ind1="0" ind2="0" tag="245"><subfield code="a">Lake Zurich enterprise.</subfield></datafield><datafield ind1=" " ind2=" " tag="260"><subfield code="a">Lake Zurich, Ill. :</subfield><subfield code="b">Nancy Schroeder,</subfield><subfield code="c">1987-[20uu?].</subfield></datafield><datafield ind1=" " ind2=" " tag="300"><subfield code="a">v.</subfield></datafield><datafield ind1=" " ind2=" " tag="310"><subfield code="a">Weekly</subfield></datafield><datafield ind1="0" ind2=" " tag="362"><subfield code="a">Vol. 30, no. 54 (Sept. 4, 1987)-</subfield></datafield><datafield ind1=" " ind2=" " tag="515"><subfield code="a">Continues the numbering of Frontier enterprise.</subfield></datafield><datafield ind1=" " ind2=" " tag="588"><subfield code="a">Latest issue consulted: Mar. 27, 2003.</subfield></datafield><datafield ind1=" " ind2="0" tag="651"><subfield code="a">Lake Zurich (Ill.)</subfield><subfield code="v">Newspapers.</subfield></datafield><datafield ind1=" " ind2="7" tag="651"><subfield code="a">Illinois</subfield><subfield code="z">Lake Zurich.</subfield><subfield code="2">fast</subfield><subfield code="0">(OCoLC)fst01259911</subfield></datafield><datafield ind1=" " ind2="7" tag="655"><subfield code="a">Newspapers.</subfield><subfield code="2">fast</subfield><subfield code="0">(OCoLC)fst01423814</subfield></datafield><datafield ind1=" " ind2=" " tag="752"><subfield code="a">United States</subfield><subfield code="b">Illinois</subfield><subfield code="c">Lake</subfield><subfield code="d">Lake Zurich.</subfield></datafield><datafield ind1="0" ind2="0" tag="780"><subfield code="t">Frontier enterprise</subfield><subfield code="w">(DLC)sn 94054558</subfield><subfield code="w">(OCoLC)31007111</subfield></datafield><datafield ind1="0" ind2="4" tag="785"><subfield code="t">Wauconda leader</subfield><subfield code="w">(DLC)sn2003060821</subfield><subfield code="w">(OCoLC)51996438</subfield></datafield></record>